@misc{ruetwebsite,
    author       = "RUET",
    title        = "Rajshahi University of Engineering \& Technology",
    howpublished = "\url{http://www.ruet.ac.bd/}"
}

@article{awesome2016,
    title        = "Some awesome title",
    author       = "Md. Minhazul Haque and Dr. Md. Ali Hossain",
    journal      = "Some awesome journal",
    volume       = "10",
    number       = "20",
    pages        = "30-40",
    year         = "2016",
    publisher   =  "ABC"
}
