For author, names and firstnames are comma separated, and the different authors are separated by 'and'
Add more brackets to preserve uppercase
http://tex.stackexchange.com/questions/109064/is-there-a-difference-between-and-in-bibtex

@unpublished
{api_gdg,
author= "Antoine Richard and Manuel Boillod",
year = 2015,
month = "November",
title={{REST from zero to hero in 45 minutes}},
url={https://www.youtube.com/watch?v=_k60dxlMjZ4}
}

@unpublished
{titanium_meetup,
author= "Fokke Zandbergen and Rene Pot",
year = 2015,
month = "December",
day = 2,
title={{Collections and Titanium 5.1}},
url={http://www.meetup.com/fr-FR/TitaniumNL/events/225917983/}
}

@online
{api_my_blog,
author= "Romain Pellerin",
year = 2015,
title={{Designing An Efficient REST API}},
url={http://blog.romainpellerin.eu/designing-an-efficient-rest-api.html}
}

@online
{ci_my_blog,
author= "Romain Pellerin",
year = 2015,
title={{Continuous Integration}},
url={http://blog.romainpellerin.eu/continuous-integration.html}
}

@online
{matthias_binding,
author= "Matthias Benkort",
year = 2015,
title={{Alloy Binding: Unveil The Mysteries}},
url={https://ktorz.github.io/2015/12/16/alloy_binding_unveil_the_mysteries.html}
}

@online
{matthias_api,
author= "Matthias Benkort",
year = 2015,
title={{REST for Representational State Transfer}},
url={https://ktorz.github.io/2015/11/12/rest_for_representational_state_transfer.html}
}

@online
{matthias_es6,
author= "Matthias Benkort",
year = 2015,
title={{Titanim, Alloy and ES6}},
url={https://ktorz.github.io/2015/10/26/titanium,_alloy_and_es6.html}
}

@online
{titanium_doc,
title={Titanium documentation},
url={https://docs.appcelerator.com/platform/latest/#!/api}
}

@online
{parse_doc,
title={Parse documentation},
url={https://parse.com/docs}
}

@online
{express_doc,
title={Express.js documentation},
url={http://expressjs.com/}
}

@online
{android_doc,
title={Android documentation},
url={http://developer.android.com/index.html}
}

@book
{ci_book1,
author={Jennifer Greene and Andrew Stellman},
title={Learning Agile},
publisher={O'Reilly},
month={December},
year={2013},
ISBN={978-1449331924},
}

@book
{api_book1,
author={Mark Masse},
title={REST API Design Rulebook},
publisher={O'Reilly},
month={October},
year={2011},
ISBN={978-1449310509},
}

@book
{api_book2,
author={Philip J. Sturgeon},
title={Build APIs You Won't Hate},
publisher={Philip J. Sturgeon},
month={August},
year={2015},
ISBN={978-0692232699},
}